@book{example-book,
  title      = {{Example Book}},
  author     = {Lastname, Surname},
  isbn       = {123456789},
  address    = {Germany},
  publisher  = {Goverment},
  year       = {2019},
  edition    = {Second}
}