@online{example-online,
  author  = {{Polar Bear}},
  title   = {about animal},
  urldate = {2021-08-30},
  year    = {2021},
  url     = {https://www.aspentravel.co.uk/tour/circumnavigating-svalbard-in-the-realm-of-the-polar-bear-99355/}
}